@ARTICLE{2022ApJS..260....1F,
       author = {{Flury}, Sophia R. and {Jaskot}, Anne E. and {Ferguson}, Harry C. and {Worseck}, G{\'a}bor and {Makan}, Kirill and {Chisholm}, John and {Saldana-Lopez}, Alberto and {Schaerer}, Daniel and {McCandliss}, Stephan and {Wang}, Bingjie and {Ford}, N.~M. and {Heckman}, Timothy and {Ji}, Zhiyuan and {Giavalisco}, Mauro and {Amorin}, Ricardo and {Atek}, Hakim and {Blaizot}, Jeremy and {Borthakur}, Sanchayeeta and {Carr}, Cody and {Castellano}, Marco and {Cristiani}, Stefano and {De Barros}, Stephane and {Dickinson}, Mark and {Finkelstein}, Steven L. and {Fleming}, Brian and {Fontanot}, Fabio and {Garel}, Thibault and {Grazian}, Andrea and {Hayes}, Matthew and {Henry}, Alaina and {Mauerhofer}, Valentin and {Micheva}, Genoveva and {Oey}, M.~S. and {Ostlin}, Goran and {Papovich}, Casey and {Pentericci}, Laura and {Ravindranath}, Swara and {Rosdahl}, Joakim and {Rutkowski}, Michael and {Santini}, Paola and {Scarlata}, Claudia and {Teplitz}, Harry and {Thuan}, Trinh and {Trebitsch}, Maxime and {Vanzella}, Eros and {Verhamme}, Anne and {Xu}, Xinfeng},
        title = "{The Low-redshift Lyman Continuum Survey. I. New, Diverse Local Lyman Continuum Emitters}",
      journal = {\apjs},
     keywords = {Reionization, Galactic and extragalactic astronomy, Ultraviolet astronomy, Hubble Space Telescope, 1383, 563, 1736, 761, Astrophysics - Astrophysics of Galaxies, Astrophysics - Cosmology and Nongalactic Astrophysics},
         year = 2022,
        month = may,
       volume = {260},
       number = {1},
          eid = {1},
        pages = {1},
          doi = {10.3847/1538-4365/ac5331},
archivePrefix = {arXiv},
       eprint = {2201.11716},
 primaryClass = {astro-ph.GA},
       adsurl = {https://ui.adsabs.harvard.edu/abs/2022ApJS..260....1F},
      adsnote = {Provided by the SAO/NASA Astrophysics Data System}
}

@ARTICLE{2015ApJ...802L..19R,
       author = {{Robertson}, Brant E. and {Ellis}, Richard S. and {Furlanetto}, Steven R. and {Dunlop}, James S.},
        title = "{Cosmic Reionization and Early Star-forming Galaxies: A Joint Analysis of New Constraints from Planck and the Hubble Space Telescope}",
      journal = {\apjl},
     keywords = {galaxies: high-redshift, Astrophysics - Cosmology and Nongalactic Astrophysics, Astrophysics - Astrophysics of Galaxies},
         year = 2015,
        month = apr,
       volume = {802},
       number = {2},
          eid = {L19},
        pages = {L19},
          doi = {10.1088/2041-8205/802/2/L19},
archivePrefix = {arXiv},
       eprint = {1502.02024},
 primaryClass = {astro-ph.CO},
       adsurl = {https://ui.adsabs.harvard.edu/abs/2015ApJ...802L..19R},
      adsnote = {Provided by the SAO/NASA Astrophysics Data System}
}

@ARTICLE{2006ARA&A..44..415F,
       author = {{Fan}, Xiaohui and {Carilli}, C.~L. and {Keating}, B.},
        title = "{Observational Constraints on Cosmic Reionization}",
      journal = {\araa},
     keywords = {Astrophysics},
         year = 2006,
        month = sep,
       volume = {44},
       number = {1},
        pages = {415-462},
          doi = {10.1146/annurev.astro.44.051905.092514},
archivePrefix = {arXiv},
       eprint = {astro-ph/0602375},
 primaryClass = {astro-ph},
       adsurl = {https://ui.adsabs.harvard.edu/abs/2006ARA&A..44..415F},
      adsnote = {Provided by the SAO/NASA Astrophysics Data System}
}

